@book{oppgavetekst,
  title={Helicopter lab assignment},
  author={Department of Engineering Cybernetics, NTNU},
  year={2015, version 4.5}
}

@book{linsysboka,
  title={Linear System Theory And Design},
  author={Chi-Tsong Chen},
  year={2014, 4th edition}
}